@thesis{tesi:brach,
    author	= {Brachos, Evangelos},
    title		= {Parallel FFT Libraries},
    institution	= {University of Edinburgh},
    year		= {2011},
}
@article{cpl:presentazione,
    author  = {Luchini, Paolo and Quadrio, Maurizio},
    title   = {A low-cost parallel implementation of direct numerical simulation of wall turbulence},
    journal = {Journal of Computational Physics},
    year    = {2005},
}
@TECHREPORT {MPI,
    author      = {Message P Forum},
    title       = {MPI: A Message-Passing Interface Standard},
    institution = {University of Tennessee Knoxville, TN, USA},
    year        = {1994},
}
@ONLINE {fftMPI,
    author = {Steve Plimpton},
    title  = {fftMPI},
    month  = {oct},
    year   = {2018},
    url    = {https://fftmpi.sandia.gov},
}
@article{kim_moin_moser, 
title={Turbulence statistics in fully developed channel flow at low Reynolds number}, 
volume={177},
journal={Journal of Fluid Mechanics},
publisher={Cambridge University Press}, 
author={Kim, John and Moin, Parviz and Moser, Robert}, 
year={1987}, 
pages={133–166},
}
@ONLINE{dillbert,
    author = {Quadrio, Maurizio},
    title  = {Dillbert},
    month  = {sep},
    year   = {2001},
    url    = {https://home.aero.polimi.it/quadrio/it/Ricerca/dilbert_en.html},
}
@report{ns:quadrio,
    author      = {Quadrio, Maurizio and Luchini, Paolo},
    title       = {The numerical solution of the incompressible Navier–Stokes equations on a low-cost, dedicated parallel computer},
    institution = {Politecnico di Milano},
    year        = {2004},
    type        = {Report DIA-SR 04-16},
    url     = {https://home.aero.polimi.it/quadrio/papers/2004-DIA0416.pdf},
}